@misc{ref:loadsensor,
author = {Honeywell},
title = {{FSG15N1A Honeywell Force Sensor}},
howpublished = {\newline\url{http://uk.farnell.com/honeywell/fsg15n1a/force-sensor-1-5kg/dp/7216671}},
month = {},
year = {},
note = {\newline(Accessed on 16/06/2017)}
}

@misc{MICROSWI18:online,
author = {Honeywell},
title = {{Micro Switch Force Sensor}},
howpublished = {\newline\url{http://www.farnell.com/datasheets/1685533.pdf?_ga=1.208722705.2033703946.1481550684}},
month = {},
year = {}
}

@misc{RITRPR9U23:online,
author = {\text{Texas Instruments}},
title = {{RI-TRP-R9UR-30 Texas Instruments RFID Transponder}},
howpublished = {\newline\url{http://uk.farnell.com/texas-instruments/ri-trp-r9ur-30/rfid-transponder/dp/2125829}},
month = {},
year = {},
note = {\newline(Accessed on 16/06/2017)}
}

@misc{TheCuise14:online,
author = {},
title = {{The Cuisenaire Company}},
howpublished = {\newline\url{http://www.cuisenaire.co.uk/}},
month = {},
year = {},
note = {\newline(Accessed on 16/06/2017)} 
}

@techreport{Mathemat26:online,
institution = {Department for Education},
title = {{Mathematics programmes of study: key stages 1 and 2}},
howpublished = {\newline\url{https://www.gov.uk/government/uploads/system/uploads/attachment_data/file/335158/PRIMARY_national_curriculum_-_Mathematics_220714.pdf}},
month = {Sep},
year = {2013},
note = {\newline(Accessed on 16/06/2017)} 
}

@misc{24Lesnom77:online,
author = {\text{Les nombres en Couleurs}},

title = {{Les nombres en Couleurs: les changements de base de num√©ration}},
howpublished = {\newline\url{http://www.dailymotion.com/video/x1ypnnq_24-les-nombres-en-couleurs-les-changements-de-base-de-numeration_school}},
month = {Apr},
year = {2014},
note = {\newline(Accessed on 16/06/2017)} 
}

@misc{Permanen88:online,
author = {\text{Magma Magnetic Technologies}},
title = {{Permanent Magnet Stability}},
howpublished = {\newline\url{http://www.magmamagnets.com/magnets-technical-information/permanent-magnet-stability/}},
month = {},
year = {},
note = {\newline(Accessed on 16/06/2017)} 
}

@misc{KPS5130P52:online,
author = {Kingbright},
title = {{KPS-5130PD7C Kingbright Photodiode }},
howpublished = {\newline\url{http://uk.farnell.com/kingbright/kps-5130pd7c/photodiode-colour-sensor-0-85mm2/dp/2373479?mckv=tckRcfNm_dc|pcrid|78108292869|&gross_price=true&CATCI=aud-294759717834:pla-131288605989&CAAGID=14990209749&CMP=KNC-GUK-GEN-SHOPPING-KINGBRIGHT&CAGPSPN=pla&gclid=Cj0KEQiA_KvEBRCtzNil4-KR-LIBEiQAmgekF3T9Bld1nrQ4DxqTkY2AQzA_XBLkEH_IeS2vuZ7kaaAaAv418P8HAQ&CAWELAID=120173390001353306}},
month = {},
year = {},
note = {\newline(Accessed on 16/06/2017)}
}



@misc{L154A4SU86:online,
author = {Kingbright},
title = {{L-154A4SURKQBDZGW Kingbright LED}},
howpublished = {\newline\url{http://uk.farnell.com/kingbright/l-154a4surkqbdzgw/led-multi-colour-rgb-5mm/dp/2290374?MER=bn_search_1TP_SearchNB_2}},
month = {},
year = {},
note = {\newline(Accessed on 16/06/2017)}
}

@misc{CFR25J1024:online,
author = {TE Connectivity},
title = {{CFR25J100R TE Connectivity Through Hole Resistor}},
howpublished = {\newline\url{http://uk.farnell.com/te-connectivity/cfr25j100r/resistor-carbon-100r-0-33w-5/dp/2329607}},
month = {},
year = {},
note = {\newline(Accessed on 16/06/2017)}
}

@misc{ArduinoH73:online,
author = {},
title = {Arduino},
howpublished = {\newline\url{https://www.arduino.cc/}},
month = {},
year = {},
note = {\newline(Accessed on 16/06/2017)} 
}

@misc{47017pdf16:online,
author = {Hamlin},
title = {{55100 Mini Flange Mount Hall Effect Sensor}},
howpublished = {\newline\url{http://www.farnell.com/datasheets/47017.pdf?_ga=1.238154499.2033703946.1481550684}},
month = {Apr},
year = {2003},
note = {\newline(Accessed on 16/06/2017)} 
}

@misc{A1318LUA39:online,
author = {\text{Allegro Microsystems}},
title = {{A1318LUA-2-T Allegro Microsystems Linear Hall Effect Sensor}},
howpublished = {\newline\url{http://uk.rs-online.com/web/p/hall-effect-sensor-ics/8660754P/}},
month = {},
year = {},
note = {\newline(Accessed on 16/06/2017)} 
}

@misc{AS3991BQ49:online,
author = {AMS},
title = {{AS3991BQFT AMS UHF RFID Reader}},
howpublished = {\newline\url{http://uk.farnell.com/ams/as3991bqft/ic-uhf-rfid-reader-960mhz-qfn/dp/1708400?MER=sy-me-pd-mi-acce}},
month = {},
year = {},
note = {\newline(Accessed on 16/06/2017)} 
}

@misc{CD4051BE27:online,
author = {\text{Texas Instruments}},
title = {{CD4051BE Texas Instruments, 8:1 Analog Multiplexer/Demultiplexer}},
howpublished = {\newline\url{http://uk.farnell.com/texas-instruments/cd4051be/multiplexer-8-channel-16dip/dp/1106109}},
month = {},
year = {},
note = {\newline(Accessed on 16/06/2017)} 
}

@misc{Cubelets52:online,
author = {\text{Moss Robotics}},
title = {{Cubelets Robot Construction for Kids}},
howpublished = {\newline\url{http://www.modrobotics.com/cubelets/}},
month = {},
year = {},
note = {\newline(Accessed on 16/06/2017)} 
}

@ARTICLE {johnv.trivett1962,
    author  = "John V. Trivett",
    title   = {{The Cuisenaire Rods - Numbers in Colour}},
    journal = "Journal of the Association of Teachers of Mathematics",
    year    = "1962",
    volume  = "18",
    pages   = "37-41",
    month   = "mar"
}

@ARTICLE {tonywing1996,
    author  = "Tony Wing",
    title   = {{Working Towards Mental Arithmetic... And (Still) Counting}},
    journal = "Journal of the Association of Teachers of Mathematics",
    year    = "1996",
    volume 	= "157",
    pages   = "10-15",
    month   = "dec"
}

@misc{Theinver11:online,
author = {Xavier Borg},
title = {The inverse cube law},
howpublished = {\newline\url{http://blazelabs.com/inversecubelaw.pdf}},
month = {Jan},
year = {2009},
note = {\newline(Accessed on 16/06/2017)}
}

@misc{nrichmat66:online,
author = {},
title = {{NRich Maths Cuisenaire environment}},
howpublished = {\newline\url{http://nrich.maths.org/content/id/4348/cuisenaire.swf}},
month = {},
year = {},
note = {\newline(Accessed on 04/06/2017)}
}

@misc{Relation85:online,
author = {\text{Mathies}},
title = {{Relational Rods+}},
howpublished = {\newline\url{http://oame.on.ca/CLIPS/swfPlayer.html?swfURL=tools/RelationalRods1.swf&title=Relational%20Rods+}},
month = {},
year = {},
note = {\newline(Accessed on 04/06/2017)}
}

@misc{Cuisenai37:online,
author = {\text{Hand2Mind}},
title = {{Cuisenaire Rods Virtual Manipulative}},
howpublished = {\newline\url{http://online.hand2mind.com/cuisenaire-rods-virtual-manipulative-singleuser-license}},
month = {},
year = {},
note = {\newline(Accessed on 04/06/2017)}
}

@ARTICLE {thomaspost1981,
    author  = "Thomas Post",
    title   = "The Role of Manipulative Materials in the Learning of Mathematical Concepts",
    journal = "Selected Issues in Mathematics Education",
    year    = "1981",
    pages   = "109-131"
}

@misc{Composit79:online,
author = {ProtoPasta},
title = {{Composite PLA - Electrically Conductive Graphite}},
howpublished = {\newline\url{https://www.proto-pasta.com/products/conductive-pla}},
month = {},
year = {},
note = {\newline(Accessed on 05/06/2017)}
}

@BOOK {donaldnorman2002,
    author    = "Donald Norman",
    title     = "The Design of Everyday Things",
    publisher = "Basic Books",
    year      = "2002"
}

@misc{CD405xBC19:online,
author = {\text{Texas Instruments}},
title = {{CD405xB CMOS Analog Multiplexer/Demultiplexer with Logic Level Conversion (Rev. H) datasheet}},
howpublished = {\newline\url{http://www.ti.com/lit/ds/symlink/cd4051b.pdf}},
month = {Apr},
year = {2015},
note = {\newline(Accessed on 05/06/2017)}
}

@misc{PowerBoo78:online,
author = {Adafruit},
title = {{PowerBoost 500 Charger}},
howpublished = {\newline\url{https://www.adafruit.com/product/1944}},
month = {},
year = {},
note = {\newline(Accessed on 05/06/2017)}
}

@misc{PLAvsABS47:online,
author = {Franz Grieser},
title = {PLA vs ABS: Filaments for 3D Printing Explained \& Compared },
howpublished = {\newline\url{https://all3dp.com/pla-abs-3d-printer-filaments-compared/}},
month = {Jan},
year = {2016},
note = {\newline(Accessed on 06/17/2017)}
}

@misc{TheDiffe59:online,
author = {Luke Chilson},
title = {The Difference Between ABS and PLA for 3D Printing},
howpublished = {\newline\url{http://www.protoparadigm.com/news-updates/the-difference-between-abs-and-pla-for-3d-printing/}},
month = {Jan},
year = {2013},
note = {\newline(Accessed on 06/17/2017)}
}

@misc{MagnetEx80:online,
author = {First4Magnets},
title = {2mm x 1mm N42 Neodymium Disc Magnets (Pack of 50)},
howpublished = {\newline\url{https://www.amazon.co.uk/gp/product/B007JTKHR6/ref=oh_aui_detailpage_o05_s00?ie=UTF8&psc=1}},
month = {},
year = {},
note = {\newline(Accessed on 06/17/2017)}
}

@misc{Products54:online,
author = {\text{Department for Business, Energy and Industrial Strategy}},
title = {Product safety for manufacturers},
howpublished = {\newline\url{https://www.gov.uk/guidance/product-safety-for-manufacturers#safety-regulations-for-childrens-products}},
month = {Oct},
year = {2015},
note = {\newline(Accessed on 06/17/2017)}
}

@misc{ERSCP03B89:online,
author = {RS},
title = {Electrolube Silver Paint Conductive Adhesive},
howpublished = {\newline\url{http://uk.rs-online.com/web/p/conductive-adhesives/1015621/}},
month = {},
year = {},
note = {\newline(Accessed on 06/18/2017)}
}

@misc{0900766b27:online,
author = {\text{MG Chemicals}},
title = {Silver Conductive Epoxy Adhesive Technical Data Sheet},
howpublished = {\newline\url{http://docs-europe.electrocomponents.com/webdocs/14d6/0900766b814d6c30.pdf}},
month = {Mar},
year = {2016},
note = {(Accessed on 06/18/2017)}
}

@misc{nrf24l01:online,
author = {\text{Nordic Semiconductor}},
title = {nRF24L01+ Specification},
howpublished = {\url{https://www.sparkfun.com/datasheets/Components/SMD/nRF24L01Pluss_Preliminary_Product_Specification_v1_0.pdf}},
month = {Mar},
year = {2008},
note = {(Accessed on 06/20/2017)}
}

@misc{nrfjpg1082:online,
author = {\text{stm32f4-discovery}},
title = {nRF24L01+ Image},
howpublished = {\url{https://stm32f4-discovery.net/wp-content/uploads/nrf.jpg}},
month = {},
year = {},
note = {(Accessed on 06/20/2017)}
}

@misc{nRF24RF261:online,
author = {tmrh20},
title = {nRF24 GitHub repository},
howpublished = {\url{https://github.com/nRF24/RF24}},
month = {},
year = {},
note = {(Accessed on 06/20/2017)}
}

@misc{istd016A58:online,
author = {},
title = {istd016A.pdf},
howpublished = {\url{http://www.electronicaestudio.com/docs/istd016A.pdf}},
month = {},
year = {},
note = {(Accessed on 06/20/2017)}
}

@misc{1438017179:online,
author = {Gearbest},
title = {HC05 Bluetooth Module},
howpublished = {\url{https://gloimg.gearbest.com/gb/2015/201507/goods-img/1438017193651-P-2853447.jpg}},
month = {},
year = {},
note = {(Accessed on 06/20/2017)}
}

@misc{karulisp38:online,
author = {karulis},
title = {Python bluetooth module},
howpublished = {\url{https://github.com/karulis/pybluez}},
month = {},
year = {},
note = {(Accessed on 06/20/2017)}
}